<?xml version="1.0" encoding="UTF-8"?><collection xmlns="http://www.loc.gov/MARC21/slim"><record><leader>00449nam--2200121-i-4500</leader><controlfield tag="001">000037129</controlfield><controlfield tag="002">20161230</controlfield><controlfield tag="005">20161230201041</controlfield><controlfield tag="008">060222s1000------------r-----000-0-eng-d</controlfield><datafield ind1=" " ind2=" " tag="080"><subfield code="a">061.3:624</subfield></datafield><datafield ind1=" " ind2=" " tag="245"><subfield code="a">Probleme de fundare a constructiilor in conditii speciale de teren. a ii-a conferinta de geotenhnica si fundatii, bucuresti, 3-5 iunie 1971</subfield></datafield><datafield ind1=" " ind2=" " tag="260"><subfield code="a">Bucuresti, Consiliul National Al Inginerilor Si Tehnicienilor, 1971, Xxvii+443p</subfield></datafield><datafield ind1=" " ind2=" " tag="852"><subfield code="a">34194</subfield></datafield></record></collection>